@article{DBLP:journals/tsp/LiHCZ09,
  author    = {Li Li and
               Jianming Hu and
               Yudong Chen and
               Yi Zhang},
  title     = {{PCA} based Hurst exponent estimator for fBm signals under disturbances},
  journal   = {{IEEE} Trans. Signal Processing},
  volume    = {57},
  number    = {7},
  pages     = {2840--2846},
  year      = {2009},
  url       = {https://doi.org/10.1109/TSP.2009.2016877},
  doi       = {10.1109/TSP.2009.2016877},
  timestamp = {Fri, 23 Feb 2018 13:00:59 +0100},
  biburl    = {https://dblp.org/rec/bib/journals/tsp/LiHCZ09},
  bibsource = {dblp computer science bibliography, https://dblp.org}
}

@article{DBLP:journals/tit/TewfikK92,
  author    = {Ahmed H. Tewfik and
               M. Kim},
  title     = {Correlation structure of the discrete wavelet coefficients of fractional
               Brownian motion},
  journal   = {{IEEE} Trans. Information Theory},
  volume    = {38},
  number    = {2},
  pages     = {904--909},
  year      = {1992},
  url       = {https://doi.org/10.1109/18.119750},
  doi       = {10.1109/18.119750},
  timestamp = {Sun, 28 May 2017 13:18:34 +0200},
  biburl    = {https://dblp.org/rec/bib/journals/tit/TewfikK92},
  bibsource = {dblp computer science bibliography, https://dblp.org}
}

@ARTICLE{5447734, 
author={H. van Zanten}, 
journal={IEEE Transactions on Signal Processing}, 
title={Comments on "PCA Based Hurst Exponent Estimator for fBm Signals Under Disturbances}, 
year={2010}, 
volume={58}, 
number={8}, 
pages={4466-4467}, 
keywords={Brownian motion;Karhunen-Loeve transforms;principal component analysis;signal processing;Karhunen-Loève eigenvalues;Karhunen-Loève expansion;PCA;asymptotic behaviour;fBm signals;fractional Brownian motion;hurst exponent estimator;Brownian motion;Concrete;Eigenvalues and eigenfunctions;Gaussian processes;Mathematics;Motion estimation}, 
doi={10.1109/TSP.2010.2048318}, 
ISSN={1053-587X}, 
month={Aug}}



@article{Eigen,
  author    = {Friedman, Sally; Weisberg, Herbert},
  title     = {Interpreting the First Eigenvalue of a Correlation Matrix},
  journal   = {Educational and Psychological Measurement},
  volume    = {41},
  number    = {1},
  pages     = {11--21},
  year      = {1981},
  url       = {http://hdl.handle.net/2027.42/67830}
}

@INPROCEEDINGS{4127049, 
author={Z. Wang and D. Guo and X. Li and Y. Fei}, 
booktitle={2006 7th International Conference on Computer-Aided Industrial Design and Conceptual Design}, 
title={Estimating Hurst exponent with wavelet packet}, 
year={2006}, 
volume={}, 
number={}, 
pages={1-4}, 
keywords={Brownian motion;estimation theory;filtering theory;fractals;geometry;wavelet transforms;Hurst exponent estimation;fractal Brownian motion;random process;wavelet packet transform;Computer networks;Data analysis;Fractals;Hydrology;Mathematics;Motion estimation;Random processes;Wavelet analysis;Wavelet packets;Wavelet transforms}, 
doi={10.1109/CAIDCD.2006.329420}, 
ISSN={}, 
month={Nov},}

@article{response,
author = {Li, Li},
year = {2008},
month = {05},
pages = {},
title = {Response to Comments on PCA Based Hurst Exponent Estimator for fBm Signals Under Disturbances}
}


@article{DBLP:journals/tsp/WornellO92,
  author    = {Gregory W. Wornell and
               Alan V. Oppenheim},
  title     = {Estimation of fractal signals from noisy measurements using wavelets},
  journal   = {{IEEE} Trans. Signal Processing},
  volume    = {40},
  number    = {3},
  pages     = {611--623},
  year      = {1992},
  url       = {https://doi.org/10.1109/78.120804},
  doi       = {10.1109/78.120804},
  timestamp = {Thu, 18 May 2017 09:55:04 +0200},
  biburl    = {https://dblp.org/rec/bib/journals/tsp/WornellO92},
  bibsource = {dblp computer science bibliography, https://dblp.org}
}

@article{FBM_var,
author = {Delignieres, Didier},
year = {2015},
month = {08},
pages = {Article ID 485623},
title = {Correlation Properties of (Discrete) Fractional Gaussian Noise and Fractional Brownian Motion},
volume = {2015},
booktitle = {Mathematical Problems in Engineering}
}